# add here
@inproceedings{chen2016empirical,
  title={An Empirical Analysis of Algorithmic Pricing on Amazon Marketplace},
  author={Chen, Le and Mislove, Alan and Wilson, Christo},
  booktitle={Proceedings of the 25th International Conference on World Wide Web},
  pages={1339--1349},
  year={2016},
  organization={International World Wide Web Conferences Steering Committee}
}
