# add here
@inproceedings{chen2016empirical,
  title={An Empirical Analysis of Algorithmic Pricing on Amazon Marketplace},
  author={Chen, Le and Mislove, Alan and Wilson, Christo},
  booktitle={Proceedings of the 25th International Conference on World Wide Web},
  pages={1339--1349},
  year={2016},
  organization={International World Wide Web Conferences Steering Committee}
}

@INPROCEEDINGS{caida,
       Author = {Donnet, B. and Huffaker, B. and Friedman, T. and claffy, k.}, 
       Title = {{Evaluation of a Large-Scale Topology Discovery Algorithm}},
       BookTitle = {IEEE International Workshop on IP Operations and Management},
       Volume = {4268},
       Pages = {193-204},
       Institution = {Cooperative Association for Internet Data Analysis (CAIDA) and Universite Pierre and Marie Curie},
       Month = {Oct},
       Year = {2006},
}

@inproceedings{syverson2004tor,
  title={Tor: the second-generation onion router},
  author={Syverson, Paul and Dingledine, R and Mathewson, N},
  booktitle={Usenix Security},
  year={2004}
}

@misc{ghostery,
  title={{Ghostery website}},
  howpublished={\url{https://www.ghostery.com/}}
}

@misc{adblock,
  title={{Adblock website}},
  howpublished={\url{https://adblockplus.org/}}
}

@inproceedings{obar2012internet,
  title={Internet surveillance and boomerang routing: A call for Canadian network sovereignty},
  author={Obar, Jonathan A and Clement, Andrew},
  booktitle={TEM 2013: Proceedings of the Technology \& Emerging Media Track-Annual Conference of the Canadian Communication Association (Victoria},
  year={2012}
}

