@inproceedings{chen2016empirical,
  title={An Empirical Analysis of Algorithmic Pricing on Amazon Marketplace},
  author={Chen, Le and Mislove, Alan and Wilson, Christo},
  booktitle={Proceedings of the 25th International Conference on World Wide Web},
  pages={1339--1349},
  year={2016},
  organization={International World Wide Web Conferences Steering Committee}
}

@INPROCEEDINGS{caida,
       Author = {Donnet, B. and Huffaker, B. and Friedman, T. and claffy, k.}, 
       Title = {{Evaluation of a Large-Scale Topology Discovery Algorithm}},
       BookTitle = {IEEE International Workshop on IP Operations and Management},
       Volume = {4268},
       Pages = {193-204},
       Institution = {Cooperative Association for Internet Data Analysis (CAIDA) and Universite Pierre and Marie Curie},
       Month = {Oct},
       Year = {2006},
}

@inproceedings{syverson2004tor,
  title={Tor: the second-generation onion router},
  author={Syverson, Paul and Dingledine, R and Mathewson, N},
  booktitle={Usenix Security},
  year={2004}
}

@misc{ghostery,
  title={{Ghostery website}},
  howpublished={\url{https://www.ghostery.com/}},
  note={Accessed on Dec. 13, 2016.}
}

@misc{adblock,
  title={{Adblock website}},
  howpublished={\url{https://adblockplus.org/}},
  note={Accessed on Dec. 13, 2016.}
}

@inproceedings{obar2012internet,
  title={Internet surveillance and boomerang routing: A call for Canadian network sovereignty},
  author={Obar, Jonathan A and Clement, Andrew},
  booktitle={TEM 2013: Proceedings of the Technology \& Emerging Media Track-Annual Conference of the Canadian Communication Association (Victoria)},
  year={2012}
}

@misc{infsec,
  title= {Can my ISP see what sites I visit if I use a private DNS provider?},
  howpublished={\url{http://security.stackexchange.com/questions/115191/can-my-isp-see-what-sites-i-visit-if-i-use-a-private-dns-provider}},
  note={Accessed on Dec. 13, 2016.}
}

@article{sweeney2002k,
  title={k-anonymity: A model for protecting privacy},
  author={Sweeney, Latanya},
  journal={International Journal of Uncertainty, Fuzziness and Knowledge-Based Systems},
  volume={10},
  number={05},
  pages={557--570},
  year={2002},
  publisher={World Scientific}
}

@misc{dark,
  title={Keeping Internet users in the know or in the dark},
  howpublished={\url{https://www.ixmaps.ca/transparency/img/DataPrivacyTransparencyofCanadianCarriers-2014.pdf}},
  note={Accessed on Dec. 13, 2016.}
}

@misc{naked,
  title={Canadian ISPs "boomerang routing" traffic through the snoopy US},
  howpublished={\url{https://nakedsecurity.sophos.com/2014/05/02/canadian-isps-boomerang-routing-traffic-through-the-snoopy-us/}},
  note={Accessed on Dec. 13, 2016}
}

@article{clement2014nsa,
  title={NSA Surveillance: Exploring the geographies of Internet interception},
  author={Clement, Andrew},
  journal={iConference 2014 Proceedings},
  year={2014},
  publisher={iSchools}
}

@misc{vodafone,
  title={Law Enforcement Disclosure Report},
  howpublished={\url{https://www.vodafone.com/content/sustainabilityreport/2014/index/operating_responsibly/privacy_and_security/law_enforcement.html}},
  note={Accessed on Dec. 13, 2016}
}

@misc{ads,
  title={Google Advertisements},
  howpublished={\url{https://www.google.com/policies/technologies/ads/}},
  note={Accessed on Dec. 13, 2016}
} 

@misc{datr,
  title={Digital Advertising Tracking Trackers},
  howpublished={\url{http://www.economist.com/blogs/newsbook/2014/09/digital-advertising-tracking-trackers}},
  note={Accessed on Dec. 13, 2016}
} 

@misc{936,
  title={When does advertising have an impact? A study of tracking data},
  howpublished={\url{https://www0.gsb.columbia.edu/mygsb/faculty/research/pubfiles/936/936.pdf}},
  note={Accessed on Dec. 13, 2016}
} 

@misc{isp1,
  title={FAQ: Will Your ISP Protect Your Privacy?},
  howpublished={\url{http://www.pcworld.com/article/241591/faq_will_your_isp_protect_your_privacy_.html}},
  note={Accessed on Dec. 13, 2016}
} 

@misc{isp2,
  title={If you can't trust your ISP, who can you trust?},
  howpublished={\url{https://gigaom.com/2011/08/11/if-you-cant-trust-your-isp-who-can-you-trust/}},
  note={Accessed on Dec. 13, 2016}
} 

@misc{trade,
  title={Google Will Pay 22.5 Million USD to Settle FTC Charges it Misrepresented Privacy Assurances to Users of Apple's Safari Internet Browser},
  howpublished={\url{https://www.ftc.gov/news-events/press-releases/2012/08/google-will-pay-225-million-settle-ftc-charges-it-misrepresented}},
  note={Accessed on Dec. 13, 2016}
} 

@misc{wall,
  title={What do they know about digital privacy?},
  howpublished={\url{http://www.wsj.com/public/page/what-they-know-digital-privacy.html}},
  note={Accessed on Dec. 13, 2016}
} 

